<record><leader>00000cas a22000007a 4500</leader><controlfield tag="001">14223872</controlfield><controlfield tag="008">860916d19201926pauwr ne      0    0eng d</controlfield><datafield ind1=" " ind2=" " tag="010"><subfield code="a">sn 87078058 </subfield></datafield><datafield ind1=" " ind2=" " tag="040"><subfield code="a">NPH</subfield><subfield code="b">eng</subfield><subfield code="c">NPH</subfield><subfield code="d">OCLCQ</subfield></datafield><datafield ind1=" " ind2=" " tag="042"><subfield code="a">msc</subfield></datafield><datafield ind1="0" ind2="0" tag="245"><subfield code="a">Monroe record and times-democrat.</subfield></datafield><datafield ind1=" " ind2=" " tag="260"><subfield code="a">Stroudsburg, Pa. :</subfield><subfield code="b">N.A. Franzt,</subfield><subfield code="c">1920-</subfield></datafield><datafield ind1=" " ind2=" " tag="300"><subfield code="a">v. :</subfield><subfield code="b">ill. ;</subfield><subfield code="c">56 cm.</subfield></datafield><datafield ind1=" " ind2=" " tag="310"><subfield code="a">Weekly</subfield></datafield><datafield ind1="0" ind2=" " tag="362"><subfield code="a">Vol. 89, no. 6 (July 1, 1920)-</subfield></datafield><datafield ind1="1" ind2=" " tag="362"><subfield code="a">Ceased in 1926.</subfield><subfield code="z">Cf. Rossell, G.E., Pa. newspapers.</subfield></datafield><datafield ind1=" " ind2=" " tag="580"><subfield code="a">Daily ed.: Record and times-democrat.</subfield></datafield><datafield ind1=" " ind2=" " tag="752"><subfield code="a">United States</subfield><subfield code="b">Pennsylvania</subfield><subfield code="c">Monroe</subfield><subfield code="d">Stroudsburg.</subfield></datafield><datafield ind1="1" ind2=" " tag="775"><subfield code="t">Record and times-democrat</subfield></datafield><datafield ind1="0" ind2="4" tag="780"><subfield code="t">Monroe record (Stroudsburg, Pa.)</subfield><subfield code="w">(DLC)sn 88079073</subfield></datafield><datafield ind1="0" ind2="4" tag="780"><subfield code="t">Times-democrat (Stroudsburg, Pa. : Weekly)</subfield><subfield code="w">(DLC)sn 87078057</subfield><subfield code="w">(OCoLC)14223711</subfield></datafield></record>